@misc {MarkovDecisionProcess,
   url = {https://en.wikipedia.org/wiki/Markov_decision_process},
   title = {Markov Decision Process},
   year = {2024},
   author = {Wikipedia},
}

@misc {AVPowerInequity,
   url = {https://journals.sagepub.com/doi/full/10.1177/0011392118816743},
   title = {Autonomous automobilities: The social impacts of driverless vehicles},
   year = {2018},
   author = {David Bissel, Thomas Birtchnell, Anthony Elliott, Eric L Hsu},
}

@misc {AlgorithmBiasInAutonomousSystems,
   url = {https://www.cmu.edu/dietrich/philosophy/docs/london/IJCAI17-AlgorithmicBias-Distrib.pdf},
   title = {Algorithm Bias in Autonomous Systems},
   year = {2017},
   author = {David Danks, Alex John London},
}

@misc {AccessibilityInAutonomousVehicles,
   url = {https://www.mdpi.com/2071-1050/13/8/4448},
   title = {Implications of Autonomous Vehicles for Accessibility and Transport Equity: A Framework Based on Literature},
   year = {2021},
   author = {Alberto Dianin, Elisa Ravazzoli, Georg Hauger},
}

@misc {AVCyberAttacks,
   url = {https://link.springer.com/article/10.1007/s12198-021-00236-4},
   title = {Risk analysis for forecasting cyberattacks against connected and autonomous vehicles},
   year = {2021},
   author = {Sunniva F. Meyer, Rune Elvik, Espen Johnsson},
}

@misc{WHORoadTraffic,
    title = {Road traffic injuries},
    author = {{World Health Organization}},
    year = {2023},
    url = {https://www.who.int/news-room/fact-sheets/detail/road-traffic-injuries},
    note = {Accessed: 2024-03-15}
}

@article{schulman2017proximal,
  title={Proximal policy optimization algorithms},
  author={Schulman, John and Wolski, Filip and Dhariwal, Prafulla and Radford, Alec and Klimov, Oleg},
  journal={arXiv preprint arXiv:1707.06347},
  year={2017}
}